<?xml version="1.0" encoding="UTF-8"?><record xmlns="http://www.loc.gov/MARC21/slim" xmlns:cinclude="http://apache.org/cocoon/include/1.0" xmlns:zs="http://www.loc.gov/zing/srw/">
  <leader>00498cz  a2200145n  4500</leader>
  <controlfield tag="001">n 2004000130</controlfield>
  <controlfield tag="003">DLC</controlfield>
  <controlfield tag="005">20161229073644.0</controlfield>
  <controlfield tag="008">040416n| acannaabn          |n aaa      </controlfield>
  <datafield tag="010" ind1=" " ind2=" ">
    <subfield code="a">n 2004000130</subfield>
  </datafield>
  <datafield tag="035" ind1=" " ind2=" ">
    <subfield code="a">(OCoLC)oca06326146</subfield>
  </datafield>
  <datafield tag="040" ind1=" " ind2=" ">
    <subfield code="a">DLC</subfield>
    <subfield code="b">eng</subfield>
    <subfield code="c">DLC</subfield>
    <subfield code="d">TnLvILS</subfield>
  </datafield>
  <datafield tag="100" ind1="1" ind2=" ">
    <subfield code="a">Engelhard, Michael,</subfield>
    <subfield code="d">1959-</subfield>
  </datafield>
  <datafield tag="670" ind1=" " ind2=" ">
    <subfield code="a">Engelhard, Michael. Where the rain children sleep, 2004:</subfield>
    <subfield code="b">CIP t.p. (Michael Engelhard)</subfield>
  </datafield>
  <datafield tag="670" ind1=" " ind2=" ">
    <subfield code="a">Phone call to pub., April 16, 2004:</subfield>
    <subfield code="b">(lives in Fairbanks, Alaska; b. Apil 24, 1959)</subfield>
  </datafield>
</record>